<?xml version="1.0" encoding="UTF-8"?><record xmlns="http://www.loc.gov/MARC21/slim" xmlns:cinclude="http://apache.org/cocoon/include/1.0" xmlns:zs="http://www.loc.gov/zing/srw/">
  <leader>00414cz  a2200121n  4500</leader>
  <controlfield tag="001">n 2002048926</controlfield>
  <controlfield tag="003">DLC</controlfield>
  <controlfield tag="005">20021226101410.0</controlfield>
  <controlfield tag="008">021223n| acannaabn          |n ana      </controlfield>
  <datafield tag="010" ind1=" " ind2=" ">
    <subfield code="a">n 2002048926</subfield>
  </datafield>
  <datafield tag="040" ind1=" " ind2=" ">
    <subfield code="a">DLC</subfield>
    <subfield code="b">eng</subfield>
    <subfield code="c">DLC</subfield>
    <subfield code="d">DLC</subfield>
  </datafield>
  <datafield tag="110" ind1="2" ind2=" ">
    <subfield code="a">Respublikataaghy "Olon︠g︡kho" assot︠s︡iat︠s︡ii︠a︡</subfield>
  </datafield>
  <datafield tag="670" ind1=" " ind2=" ">
    <subfield code="a">Alaatyyr Ala Tuĭgun, 2002:</subfield>
    <subfield code="b">t.p. (Respublikataaghy "Olon︠g︡kho" assot︠s︡iat︠s︡ii︠a︡)</subfield>
  </datafield>
</record>